@Manual{mrds,
  title = {mrds: Mark-Recapture Distance Sampling (mrds)},
  author = {Jeff Laake and David Borchers and Len Thomas and David Miller and Jon Bishop},
  year = {2014},
  note = {R package version 2.1.6},
  url = {http://CRAN.R-project.org/package=mrds},
}

@Article{geepack1,
  title = {The R Package geepack for Generalized Estimating Equations},
  author = {Søren Højsgaard and Ulrich Halekoh and Jun Yan},
  year = {2006},
  journal = {Journal of Statistical Software},
  volume = {15/2},
  pages = {1--11},
}

@Article{geepack2,
  title = {Estimating Equations for Association Structures},
  author = {Jun Yan and Jason P. Fine},
  year = {2004},
  journal = {Statistics in Medicine},
  volume = {23},
  pages = {859--880},
}

@Article{geepack3,
  title = {geepack: Yet Another Package for Generalized Estimating Equations},
  author = {Jun Yan},
  year = {2002},
  journal = {R-News},
  volume = {2/3},
  pages = {12--14},
}

@Manual{fields,
  title = {fields: Tools for spatial data},
  author = {Douglas Nychka and Reinhard Furrer and Stephan Sain},
  year = {2014},
  note = {R package version 7.1},
  url = {http://CRAN.R-project.org/package=fields},
}

@Book{car,
  title = {An {R} Companion to Applied Regression},
  edition = {Second},
  author = {John Fox and Sanford Weisberg},
  year = {2011},
  publisher = {Sage},
  address = {Thousand Oaks {CA}},
  url = {http://socserv.socsci.mcmaster.ca/jfox/Books/Companion},
}
