%% This BibTeX bibliography file was created using BibDesk.
%% http://bibdesk.sourceforge.net/


%% Created for Lindesay at 2015-01-29 12:41:41 +0000 


%% Saved with string encoding Unicode (UTF-8) 



@techreport{ScottH2013a,
	Author = {Scott-Hayward, L.A.S. and Oedekoven, C.S. and Mackenzie, M.L. and Walker, C.G. and E. Rexstad},
	Date-Added = {2015-01-29 12:40:32 +0000},
	Date-Modified = {2015-01-29 12:41:29 +0000},
	Institution = {University of St Andrews},
	Title = {User Guide for the MRSea Package v0.1.2: Statistical Modelling of bird and cetacean distributions in offshore renewables development areas. University of St. Andrews contract for Marine Scotland; SB9 (CR/2012/05).},
	Year = {2013}}

@techreport{Mac2013,
	Author = {Mackenzie, M.L and Scott-Hayward, L.A.S. and Oedekoven, C.S., and Skov, H., and Humphreys, E., and E. Rexstad},
	Date-Added = {2015-01-29 12:37:37 +0000},
	Date-Modified = {2015-01-29 12:40:25 +0000},
	Institution = {University of St Andrews},
	Title = {Statistical Modelling of Seabird and Cetacean data: Guidance Document. University of St. Andrews contract for Marine Scotland; SB9 (CR/2012/05)},
	Year = {2013}}

@article{ScottH2013,
	Author = {Scott-Hayward, L.A.S. and Mackenzie, M. L. and Donovan, C. R. and Walker, C. G. and Ashe, E.},
	Date-Modified = {2013-07-29 21:33:15 +0100},
	Doi = {10.1080/10618600.2012.762920},
	Journal = {Journal of Computational and Graphical Statistics},
	Title = {Complex Region Spatial Smoother (CReSS)},
	Year = {2013},
	Bdsk-Url-1 = {http://dx.doi.org/10.1080/10618600.2012.762920}}

@book{Fox2011,
	Author = {Fox, John and Weisberg, Sanford},
	Date-Added = {2013-08-23 14:35:46 +0100},
	Date-Modified = {2013-08-23 14:35:56 +0100},
	Edition = {2$^{nd}$},
	Publisher = {Sage},
	Title = {An R companion to applied regression},
	Year = {2002}}

@book{Hardin2002,
	Author = {J.W. Hardin and J.M. Hilbe},
	Date-Added = {2011-10-13 16:12:51 +0100},
	Date-Modified = {2011-10-13 16:13:58 +0100},
	Publisher = {Chapman \& Hall/CRC},
	Title = {Generalized Estimating Equations},
	Year = {2002}}

@article{Walker2010,
	Author = {C.G. Walker and M.L. Mackenzie and C.R. Donovan and M.J. O'Sullivan},
	Date-Modified = {2011-10-13 17:32:36 +0100},
	Journal = {Journal of Statistical Computation and Simulation},
	Number = {2},
	Pages = {179-191},
	Title = {SALSA - A Spatially Adaptive Local Smoothing Algorithm},
	Volume = {81},
	Year = {2010}}
