%% This BibTeX bibliography file was created using BibDesk.
%% http://bibdesk.sourceforge.net/


%% Created for Lindesay Scott-Hayward at 2013-10-03 12:29:49 +0100 


%% Saved with string encoding Unicode (UTF-8) 



@article{ScottH2013,
	Author = {Scott-Hayward, L.A.S. and Mackenzie, M. L. and Donovan, C. R. and Walker, C. G. and Ashe, E.},
	Date-Modified = {2013-07-29 21:33:15 +0100},
	Doi = {10.1080/10618600.2012.762920},
	Journal = {Journal of Computational and Graphical Statistics},
	Title = {\textsc{C}omplex \textsc{R}egion \textsc{S}patial \textsc{S}moother (\textsc{CR}e\textsc{SS})},
	Year = {2013},
	Bdsk-Url-1 = {http://dx.doi.org/10.1080/10618600.2012.762920}}

@book{Fox2011,
	Author = {Fox, John and Weisberg, Sanford},
	Date-Added = {2013-08-23 14:35:46 +0100},
	Date-Modified = {2013-08-23 14:35:56 +0100},
	Edition = {2$^{nd}$},
	Publisher = {Sage},
	Title = {An R companion to applied regression},
	Year = {2002}}

@book{Hardin2002,
	Author = {J.W. Hardin and J.M. Hilbe},
	Date-Added = {2011-10-13 16:12:51 +0100},
	Date-Modified = {2011-10-13 16:13:58 +0100},
	Publisher = {Chapman \& Hall/CRC},
	Title = {Generalized Estimating Equations},
	Year = {2002}}

@article{Walker2010,
	Author = {C.G. Walker and M.L. Mackenzie and C.R. Donovan and M.J. O'Sullivan},
	Date-Modified = {2011-10-13 17:32:36 +0100},
	Journal = {Journal of Statistical Computation and Simulation},
	Number = {2},
	Pages = {179-191},
	Title = {\textsc{SALSA} - A \textsc{S}patially \textsc{A}daptive \textsc{L}ocal \textsc{S}moothing \textsc{A}lgorithm},
	Volume = {81},
	Year = {2010}}
